<record><leader>00000cas a22000007a 4500</leader><controlfield tag="001">15671932</controlfield><controlfield tag="008">870512d18621872iaudn ne      0    0eng d</controlfield><controlfield tag="009">5087</controlfield><datafield ind1=" " ind2=" " tag="010"><subfield code="a">sn 87058213 </subfield></datafield><datafield ind1=" " ind2=" " tag="040"><subfield code="a">INP</subfield><subfield code="b">eng</subfield><subfield code="c">INP</subfield><subfield code="d">OCLCQ</subfield></datafield><datafield ind1=" " ind2=" " tag="042"><subfield code="a">msc</subfield></datafield><datafield ind1="0" ind2="0" tag="245"><subfield code="a">Muscatine daily courier.</subfield></datafield><datafield ind1="1" ind2="3" tag="246"><subfield code="a">Daily courier</subfield></datafield><datafield ind1="1" ind2="7" tag="246"><subfield code="a">Muscatine courier</subfield></datafield><datafield ind1=" " ind2=" " tag="260"><subfield code="a">Muscatine, Iowa :</subfield><subfield code="b">Edward H. Thayer,</subfield><subfield code="c">1862-</subfield></datafield><datafield ind1=" " ind2=" " tag="300"><subfield code="a">v.</subfield></datafield><datafield ind1=" " ind2=" " tag="310"><subfield code="a">Daily (except Sunday)</subfield></datafield><datafield ind1="0" ind2=" " tag="362"><subfield code="a">Vol. l, no. 1 (June 24, 1862)-</subfield></datafield><datafield ind1="1" ind2=" " tag="362"><subfield code="a">Ceased in 1872.</subfield></datafield><datafield ind1=" " ind2=" " tag="580"><subfield code="a">Weekly ed.: Courier (Muscatine, Iowa), &lt;July 1863-Nov. 11, 1864&gt;; Weekly courier (Muscatine, Iowa), &lt;Dec. 30, 1864-Oct. 20, 1865&gt;; Muscatine courier, &lt;Nov. 10, 1865-1869&gt;.</subfield></datafield><datafield ind1=" " ind2=" " tag="752"><subfield code="a">United States</subfield><subfield code="b">Iowa</subfield><subfield code="c">Muscatine</subfield><subfield code="d">Muscatine.</subfield></datafield><datafield ind1="1" ind2=" " tag="775"><subfield code="t">Courier (Muscatine, Iowa)</subfield><subfield code="w">(DLC)sn 87058206</subfield><subfield code="g">&lt;July 1863-Nov. 11, 1864&gt;</subfield></datafield><datafield ind1="1" ind2=" " tag="775"><subfield code="t">Weekly courier (Muscatine, Iowa)</subfield><subfield code="w">(DLC)sn 87058207</subfield><subfield code="g">&lt;Dec. 30, 1864-Oct. 20, 1865&gt;</subfield></datafield><datafield ind1="1" ind2=" " tag="775"><subfield code="t">Muscatine courier</subfield><subfield code="w">(DLC)sn 87058208</subfield><subfield code="g">&lt;Nov. 10, 1865-1869&gt;</subfield></datafield><datafield ind1="0" ind2="0" tag="780"><subfield code="t">Muscatine daily review</subfield><subfield code="w">(DLC)sn 88059711</subfield></datafield></record>